
@incollection{Legnaioli_LIBS_Metals_2014,
	author       = {Stefano Legnaioli and Giulia Lorenzetti and Lorenzo Pardini and G. H. Cavalcanti and Vincenzo Palleschi},
	title        = {Applications of {LIBS} to the {Analysis} of {Metals}},
	booktitle    = {Laser-Induced Breakdown Spectroscopy},
	editor       = {Sergio Musazzi and Umberto Perini},
	publisher    = {Springer Berlin Heidelberg},
	year         = {2014},
	volume       = {182},
	pages        = {169--193},
	doi          = {10.1007/978-3-642-45085-3_7},
	url          = {https://link.springer.com/chapter/10.1007/978-3-642-45085-3_7},
	abstract     = {This chapter discusses the theoretical principles of laser ablation on metal alloys and presents successful applications of LIBS to the analysis of materials such as aluminium, iron, copper, and precious alloys, with emphasis on in-line and in-situ analysis.},
	keywords     = {LIBS, metal analysis, laser ablation, spectroscopy},
	language     = {en},
	urldate      = {2025-07-31},
	series       = {Springer Series in Optical Sciences},
	isbn         = {978-3-642-45084-6, 978-3-642-45085-3}
}

@article{Lin2024,
	author       = {Xiaomei Lin and Xinyang Duan and Jingjun Lin and Yutao Huang and Jiangfei Yang and Zhuojia Zhang and Yanjie Dong},
	title        = {Laser-Induced Breakdown Spectroscopic Steel Classification Method Using Mixed Feature Selection and LIME},
	journal      = {Journal of Applied Spectroscopy},
	volume       = {91},
	number       = {5},
	pages        = {1156--1166},
	year         = {2024},
	doi          = {10.1007/s10812-024-01833-6},
	publisher    = {Springer},
	url          = {https://link.springer.com/article/10.1007/s10812-024-01833-6}
}

@article{Traparic2023,
	author       = {Ivan Traparić and Milivoje Ivković},
	title        = {Determination of austenitic steel alloys composition using laser-induced breakdown spectroscopy (LIBS) and machine learning algorithms},
	journal      = {The European Physical Journal D},
	volume       = {77},
	number       = {30},
	year         = {2023},
	doi          = {10.1140/epjd/s10053-023-00608-6},
	url          = {https://link.springer.com/article/10.1140/epjd/s10053-023-00608-6},
	publisher    = {Springer}
}

@article{Jiang2020,
	author       = {Shuai Jiang and Zhe Zhang and Yao Li and Yaocheng Li and Yuming Liu and Yuming Wang and Yuming Zhang},
	title        = {Plasma morphology determination and LIBS spectra correction using advanced imaging techniques in a combustion environment},
	journal      = {Plasma Science and Technology},
	volume       = {22},
	number       = {5},
	pages        = {055102},
	year         = {2020},
	doi          = {10.1088/2058-6272/ab8a0b},
	url          = {https://iopscience.iop.org/article/10.1088/2058-6272/ab8a0b},
	publisher    = {IOP Publishing}
}

@misc{matweb2025,
	author       = {{MatWeb, LLC}},
	title        = {{MatWeb} --- Materials Property Database},
	year         = {2025},
	howpublished = {\url{https://www.matweb.com/}},
	note         = {Accessed 21 July 2025}
}

@book{papoulis2002probability,
	title     = {Probability, Random Variables and Stochastic Processes},
	author    = {Papoulis, Athanasios and Pillai, S. Unnikrishna},
	edition   = {4},
	year      = {2002},
	publisher = {McGraw-Hill},
	isbn      = {9780071226615},
	address   = {New York},
}

@misc{wikipedia_dirichlet_pdf,
	author       = {{Wikipedia contributors}},
	title        = {File:Dirichlet.pdf --- Wikimedia Commons},
	year         = {2023},
	howpublished = {\url{https://en.wikipedia.org/wiki/File:Dirichlet.pdf}},
	note         = {Accessed: 2025-08-02}
}

@book{huyett_engineering_handbook,
	author       = {{G.~L.~Huyett}},
	title        = {Engineering Handbook},
	year         = {2004},
	publisher    = {G. L. Huyett Manufacturing Company},
	address      = {Minneapolis, Kansas},
	note         = {``Notice that chemical values do not total 100\%. The balance of steel chemistry would consist of iron and trace elements.''},
	url          = {https://www.isibang.ac.in/~library/onlinerz/resources/Enghandbook.pdf},
}

@misc{nickel_institute_pulp_paper,
	author       = {{Nickel Institute}},
	title        = {Stainless Steels and Specialty Alloys for Pulp, Paper and Biomass Conversion Mills},
	year         = {2010},
	howpublished = {Industry publication},
	note         = {``Balance of composition is iron; other elements may be added or present in minor amounts.''},
	url          = {https://nickelinstitute.org/media/1810/stainlesssteelsandspecialtyalloysformodernpulpandpapermills_11025_.pdf},
}

@misc{dirichlet_plot,
	author       = {David Avakian},
	title        = {Dirichlet Distribution Interactive Plot},
	year         = {n.d.},
	howpublished = {\url{https://chart-studio.plotly.com/~david_avakian/14.embed}},
	note         = {Accessed: 2025-08-07}
}
