@article{smith2020,
  author = {John Smith and Jane Doe},
  title = {An Example Article},
  journal = {Journal of Examples},
  year = {2020},
  volume = {10},
  number = {2},
  pages = {123--130},
  doi = {10.1000/j.jex.2020.02.003}
}

@book{knuth1984,
  author = {Donald E. Knuth},
  title = {The TeXbook},
  year = {1984},
  publisher = {Addison-Wesley},
  address = {Reading, Massachusetts}
}

@misc{NIST_LIBS,
	author = {Kramida, A. and Ralchenko, Yu. and Reader, J. and NIST ASD Team},
	title = {NIST Atomic Spectra Database - LIBS Interface},
	year = {2024},
	howpublished = {\url{https://physics.nist.gov/PhysRefData/ASD/LIBS/libs-form.html}},
	note = {National Institute of Standards and Technology, Gaithersburg, MD. Accessed: 2025-08-09}
}

@misc{simLIBS2024,
	author       = {Kastek, Mateusz},
	title        = {simLIBS: Simulated Laser-Induced Breakdown Spectroscopy},
	year         = {2024},
	howpublished = {\url{https://pypi.org/project/simLIBS/}},
	note         = {Accessed: 2025-08-09}
}

@misc{matweb_composition_search,
	author       = {{MatWeb, LLC}},
	title        = {MatWeb Material Property Data - Composition Search},
	year         = {2025},
	url          = {https://www.matweb.com/search/CompositionSearch.aspx},
	note         = {Accessed: 2025-08-11}
}


